@misc{instrukcja,
  title = {\uppercase{P}ełna treść zadania rekrutacyjnego\\
      \url{https://github.com/Solvro/rekrutacja/blob/main/machine_learning.md}},
  note = {\\Dostęp: 22.03.2025}
}

@misc{zbior_danych,
  title = {\uppercase{Z}biór danych o koktajlach\\
      \url{https://github.com/Solvro/rekrutacja/blob/main/data/cocktail_dataset.json}},
  note = {\\Dostęp: 22.03.2025}
}
